@BOOK{xml,
	author={Hunter, David},
	year=2005,
	title={XML},
	publisher={Inforbooks}
	}
	
@BOOK { libro-morris,
	author={Morriss, Brian},
	year=1995,
	title={Automated manufacturing systems},
	publisher={McGraw-Hill}
}

@BOOK { libro-cpp,
	author={Stroustrup, Bjarne},
	year=1998,
	title={El lenguaje de programación C++},
	publisher={Addison-Wesley}
}

@BOOK { uml,
	author={ Booch, Grady and Jacobson, Ivar and Rumbaugh, James },
	year= 2001,
	title={El lenguaje unificado de modelado},
	publisher={Pearson Educación}
}
	
@BOOK { xp,
	author={ Beck, Kent and Andres, Cynthia },
	year= 2004,
	title={Extreme Programming Explained},
	publisher={Addison-Wesley Professional}
}

@BOOK { sim,
	author={ Neelamkavil, Frances },
	year= 1987,
	title={Computer Simulation and Modelling},
	publisher={John Wiley and Sons}
}
	
@MISC { gcc,
	author={The Free Software Foundation},
	title={The GNU Compiler Collection for software development},
	howpublished={http://gcc.gnu.org},
	year=2006
}

@MISC { devcpp,
	author={Laplace, Collin and Berg, Mike and Lai, Hongli},
	title={BloodShed Dev-CPP},
	howpublished={http://www.bloodshed.net/devcpp.html},
	year=1996
}

@MISC { xerces,
	author={The Apache Software Foundation},
	title={Xerces, a framework for XML processing},
	howpublished={http://xerces.apache.org},
	year=2003
}

@MISC { wx,
	author={Smart, Julian},
	title={WxWidgets, a multiplatform GUI framework},
	year=1992,
	howpublished={http://www.wxwidgets.org}
}

@MISC { gcov,
	author={The Free Software Foundation},
	title={Gcov, a coverage analysis tool},
	howpublished={http://gcc.gnu.org},
	year=2006
}

@MISC { upp,
	author={Draeby, Claus},
	title={Unit++ for unit testing, extreme programming and Test-Driven Development},
	howpublished={http://unitpp.sourceforge.net},
	year=2005
}