@book{librolatex,
	author={Bernardo Cascales Salinas},
	title={El libro de Latex},
	publisher={Prentice Hall},
	year={2003},
	editor={Pearson}
}

